@article{knight1997phase,
  title={Phase-matched excitation of whispering-gallery-mode resonances by a fiber taper},
  author={Knight, J Cheung and Cheung, G and Jacques, F and Birks, TA},
  journal={Optics letters},
  volume={22},
  number={15},
  pages={1129--1131},
  year={1997},
  publisher={Optical Society of America}
}

@article{cai2000observation,
  title={Observation of critical coupling in a fiber taper to a silica-microsphere whispering-gallery mode system},
  author={Cai, Ming and Painter, Oskar and Vahala, Kerry J},
  journal={Physical review letters},
  volume={85},
  number={1},
  pages={74},
  year={2000},
  publisher={APS}
}

@article{carmon2007visible,
  title={Visible continuous emission from a silica microphotonic device by third-harmonic generation},
  author={Carmon, Tal and Vahala, Kerry J},
  journal={Nature Physics},
  volume={3},
  number={6},
  pages={430--435},
  year={2007},
  publisher={Nature Publishing Group}
}

@article{kozyreff2008whispering,
  title={Whispering-gallery-mode phase matching for surface second-order nonlinear optical processes in spherical microresonators},
  author={Kozyreff, Gregory and Juarez, JL Dominguez and Martorell, Jordi},
  journal={Physical Review A},
  volume={77},
  number={4},
  pages={043817},
  year={2008},
  publisher={APS}
}